@ARTICLE{Reason1978-im,
  title    = "Motion sickness adaptation: a neural mismatch model",
  author   = "Reason, J T",
  journal  = "J R Soc Med",
  volume   =  71,
  number   =  11,
  pages    = "819--829",
  month    =  nov,
  year     =  1978,
  address  = "England",
  language = "en"
}
